@misc{glisc,
	author={{Grey Literature International Steering Committee}},
	title={{GLISC}},
	month={oct},
	year={2014},
	note = "[Online; acedido em Outubro 2014]"
}
@misc{codeua,
	title={CODE UA},
	howpublished = {\url{https://code.ua.pt/}},
}
@misc{git,
	title={Git},
	howpublished = {\url{https://git-scm.com/}},
}
